@misc{site:haskell-wiki-fp,
  title = "Haskell wiki: Functional programming",
  month = "Februari",
  year = "2013",
  url = "http://www.haskell.org/haskellwiki/Functional_programming"
}

@book{book:LYaH,
    author    = "Miran Lipovaca",
    title     = "Learn You a Haskell for Great Good!",
    publisher = "No Starch Press",
    year      = "2011",
    month     = "april",
    isbn      = "978-1-59327-283-8",
}

@misc{site:elm-frp,
  title = "What is ``Functional Reactive Programming''?",
  author = "Evan Czaplicki",
  month = "Februari",
  year = "2013",
  url = "http://elm-lang.org/learn/What-is-FRP.elm"
}